<record xmlns:xsi="http://www.w3.org/2001/XMLSchema-instance" xmlns="http://www.loc.gov/MARC21/slim" xsi:schemaLocation="http://www.loc.gov/MARC21/slim http://www.loc.gov/standards/marcxml/schema/MARC21slim.xsd">

  <leader>00374nam a2200121Ia 4500</leader>
  <datafield tag="999" ind1=" " ind2=" ">
    <subfield code="c">2434</subfield>
    <subfield code="d">2434</subfield>
  </datafield>
  <controlfield tag="003">cru INIE</controlfield>
  <controlfield tag="005">20180409092419.0</controlfield>
  <controlfield tag="008">180409b2002    us ||||| |||| 00| | spa d</controlfield>
  <datafield ind2=" " ind1=" " tag="040">
    <subfield code="a">cru Inie</subfield>
  </datafield>
  <datafield ind2=" " tag="090" ind1=" ">
    <subfield code="a">CD #105</subfield>
  </datafield>
  <datafield ind1="2" tag="110" ind2=" ">
    <subfield code="9">3540</subfield>
    <subfield code="a">Warner Home Video</subfield>
  </datafield>
  <datafield ind2="0" ind1="1" tag="245">
    <subfield code="a">Viaje Cosmico / </subfield>
    <subfield code="c">Warner Home Video</subfield>
  </datafield>
  <datafield ind2=" " tag="260" ind1=" ">
    <subfield code="a">Estados Unidos de América : </subfield>
    <subfield code="b">National Air and Space Museum, </subfield>
    <subfield code="c">2002</subfield>
  </datafield>
  <datafield ind2=" " tag="300" ind1=" ">
    <subfield code="a">disco compacto</subfield>
  </datafield>
  <datafield tag="500" ind1=" " ind2=" ">
    <subfield code="a">DVD con subtítulos en Francés, Español y Portugués</subfield>
  </datafield>
  <datafield ind2="4" ind1="1" tag="650">
    <subfield code="9">163</subfield>
    <subfield code="a">INVESTIGACIÓN</subfield>
  </datafield>
  <datafield ind1=" " tag="942" ind2=" ">
    <subfield code="2">z</subfield>
    <subfield code="c">08</subfield>
  </datafield>
</record>